
@book{mardrus1959mille,
  title={Les mille et une nuits},
  author={Mardrus, Joseph Charles and Fumaroli, Marc},
  year={1959},
  publisher={Roissard}
}

@book{mardrus2002book,
  title={The Book of the Thousand and one Nights},
  author={Mardrus, JC and Mathers, E Powys},
  year={2002},
  publisher={Routledge}
}
